@Article{Shen2012,
  author="Shen, Zhongwei",
  title="Resolvent Estimates in $L^p$ for the Stokes Operator in Lipschitz Domains",
  journal="Archive for Rational Mechanics and Analysis",
  year="2012",
  month="Aug",
  day="01",
  volume="205",
  number="2",
  pages="395--424",
}

@book{gilbarg,
  address = {Berlin },
  author = {Gilbarg, David and Trudinger, Neil S.},
  edition = {Reprint of the 1998 ed.},
  series = {Classics in mathematics},
  title = {Elliptic partial differential equations of second order},
  year = 2001
}

@book{grafakos2014classical,
  address = {New York },
  author = {Grafakos, Loukas},
  edition = {3. ed.},
  series = {Graduate texts in mathematics},
  title = {Classical fourier analysis},
  volume = 249,
  year = 2014
}

@book{grafakos2009modern,
  address = {New York, NY},
  author = {Grafakos, Loukas},
  edition = {2. ed.},
  series = {Graduate texts in mathematics},
  title = {Modern Fourier analysis},
  volume = 250,
  year = 2009
}

@phdthesis{tolksdorf,
           title = {On the $L^p$-theory of the Navier-Stokes equations on Lipschitz domains},
          author = {Patrick Tolksdorf},
            year = {2017},
          school = {Technische Universit{\"a}t},
         address = {Darmstadt},
             url = {http://tuprints.ulb.tu-darmstadt.de/5960/},
}


